<?xml version="1.0" encoding="UTF-8"?><collection xmlns="http://www.loc.gov/MARC21/slim"><record><leader>00401nam--2200133-i-4500</leader><controlfield tag="001">000041510</controlfield><controlfield tag="002">20161230</controlfield><controlfield tag="005">20161230201043</controlfield><controlfield tag="008">060222s1000------------r-----000-0-eng-d</controlfield><datafield ind1=" " ind2=" " tag="100"><subfield code="a">Shrier,Adam L. And Kaufmann,G</subfield></datafield><datafield ind1=" " ind2=" " tag="245"><subfield code="a">Mass transfer in biological systems</subfield></datafield><datafield ind1=" " ind2=" " tag="260"><subfield code="a">New York, American Inst.Of Chemical Engineers, 1970</subfield></datafield><datafield ind1=" " ind2=" " tag="490"><subfield code="a">Chemical Engineering Progress Sysmposium Series</subfield></datafield><datafield ind1=" " ind2=" " tag="852"><subfield code="a">10950</subfield></datafield></record></collection>